<record><leader>00000cas a22000007a 4500</leader><controlfield tag="001">14284349</controlfield><controlfield tag="008">860930d18761877waudn ne      0    0eng  </controlfield><controlfield tag="009">466</controlfield><datafield ind1=" " ind2=" " tag="010"><subfield code="a">sn 86071974 </subfield></datafield><datafield ind1=" " ind2=" " tag="040"><subfield code="a">DLC</subfield><subfield code="b">eng</subfield><subfield code="c">DLC</subfield><subfield code="d">SLZ</subfield><subfield code="d">DLC</subfield><subfield code="d">CNW</subfield><subfield code="d">DLC</subfield><subfield code="d">OCLCQ</subfield><subfield code="d">OCLCO</subfield><subfield code="d">OCLCF</subfield></datafield><datafield ind1="1" ind2=" " tag="029"><subfield code="a">AU@</subfield><subfield code="b">000026226231</subfield></datafield><datafield ind1=" " ind2=" " tag="042"><subfield code="a">msc</subfield></datafield><datafield ind1=" " ind2=" " tag="043"><subfield code="a">n-us-wa</subfield></datafield><datafield ind1="0" ind2="0" tag="050"><subfield code="a">Newspaper</subfield></datafield><datafield ind1="0" ind2=" " tag="130"><subfield code="a">Daily Olympian (Olympia, Wash. : 1876)</subfield></datafield><datafield ind1="1" ind2="4" tag="245"><subfield code="a">The daily Olympian.</subfield></datafield><datafield ind1=" " ind2=" " tag="260"><subfield code="a">Olympia, Wash. Territory :</subfield><subfield code="b">Murphy &amp; Bagley</subfield></datafield><datafield ind1=" " ind2=" " tag="300"><subfield code="a">v. :</subfield><subfield code="b">ill. (chiefly advertisements) ;</subfield><subfield code="c">44 cm.</subfield></datafield><datafield ind1=" " ind2=" " tag="310"><subfield code="a">Daily (except Sunday)</subfield></datafield><datafield ind1="0" ind2=" " tag="362"><subfield code="a">Vol. 1, no. 1 (Feb. 28, 1876)-</subfield></datafield><datafield ind1="1" ind2=" " tag="362"><subfield code="a">Ceased in 1877?</subfield></datafield><datafield ind1=" " ind2=" " tag="500"><subfield code="a">Replaced the suspended Puget Sound daily courier, which was suspended from Jan. 1875 to Mar. 2, 1877, when it resumed as the Daily courier. Cf. Gregory, W. Amer. newspapers.</subfield></datafield><datafield ind1=" " ind2="0" tag="651"><subfield code="a">Olympia (Wash.)</subfield><subfield code="v">Newspapers.</subfield></datafield><datafield ind1=" " ind2="7" tag="655"><subfield code="a">Newspapers.</subfield><subfield code="2">fast</subfield><subfield code="0">(OCoLC)fst01423814</subfield></datafield><datafield ind1=" " ind2="7" tag="651"><subfield code="a">Washington (State)</subfield><subfield code="z">Olympia.</subfield><subfield code="2">fast</subfield><subfield code="0">(OCoLC)fst01206098</subfield></datafield><datafield ind1=" " ind2=" " tag="752"><subfield code="a">United States</subfield><subfield code="b">Washington</subfield><subfield code="c">Thurston</subfield><subfield code="d">Olympia.</subfield></datafield><datafield ind1="0" ind2=" " tag="775"><subfield code="t">Puget Sound weekly courier</subfield><subfield code="w">(DLC)sn 84022768</subfield></datafield></record>